@online{kafkawebsite,
    title     = {{Apache Kafka}},
    note      = {prova},
    url       = {https://kafka.apache.org/},
    howpublished = {\url{https://kafka.apache.org/}}
}
@online{debeziumwebsite,
    title     = "Debezium",
    url       = "https://debezium.io/"
}
@online{flinkwebsite,
    title     = "Apache Flink",
    url       = "https://flink.apache.org/"
}